@inproceedings{rcnn,
	author = {Ren, Shaoqing and He, Kaiming and Girshick, Ross and Sun, Jian},
	booktitle = {Advances in Neural Information Processing Systems},
	editor = {C. Cortes and N. Lawrence and D. Lee and M. Sugiyama and R. Garnett},
	pages = {},
	publisher = {Curran Associates, Inc.},
	title = {Faster R-CNN: Towards Real-Time Object Detection with Region Proposal Networks},
	url = {https://proceedings.neurips.cc/paper_files/paper/2015/file/14bfa6bb14875e45bba028a21ed38046-Paper.pdf},
	volume = {28},
	year = {2015}
}

@article{arrowrcnn,
	author    = {Benedikt Sch√§fer and Margret Keuper and Heiner Stuckenschmidt},
	title     = {Arrow R-CNN for handwritten diagram recognition},
	journal   = {International Journal on Document Analysis and Recognition (IJDAR)},
	volume    = {24},
	pages     = {3--17},
	year      = {2021},
	doi       = {10.1007/s10032-020-00361-1},
	url       = {https://doi.org/10.1007/s10032-020-00361-1}
}

@inproceedings{interactiveUML,
	author = {Lank, Edward and Thorley, Jeb and Chen, Sean},
	year = {2000},
	month = {01},
	pages = {7},
	title = {An interactive system for recognizing hand drawn UML diagrams.},
	doi = {10.1145/782034.782041},
	url = {https://doi.org/10.1145/782034.782041}
}

@inproceedings{
	sketchdiagram,
	title={Sketch2Diagram: Generating Vector Diagrams from Hand-Drawn Sketches},
	author={Itsumi Saito and Haruto Yoshida and Keisuke Sakaguchi},
	booktitle={The Thirteenth International Conference on Learning Representations},
	year={2025},
	url={https://openreview.net/forum?id=KvaDHPhhir}
}

@inproceedings{microsofttrocr,
	author    = {Li, Minghao and Lv, Tengchao and Chen, Junlong and Cui, Lei and Lu, Yijuan and Florencio, Dinei and Zhang, Cha and Li, Zhoujun and Wei, Furu},
	title     = {TrOCR: Transformer-Based Optical Character Recognition with Pre-trained Models},
	booktitle = {Proceedings of the AAAI Conference on Artificial Intelligence},
	year      = {2023},
	volume    = {37},
	number    = {11},
	pages     = {13094--13102},
	doi       = {10.1609/aaai.v37i11.26538},
	url 	  = {https://doi.org/10.1609/aaai.v37i11.26538},
	publisher = {AAAI Press}
}

@INPROCEEDINGS{dbscan,
	author={Deng, Dingsheng},
	booktitle={2020 7th International Forum on Electrical Engineering and Automation (IFEEA)}, 
	title={DBSCAN Clustering Algorithm Based on Density}, 
	year={2020},
	volume={},
	number={},
	pages={949-953},
	keywords={Machine learning algorithms;Clustering algorithms;Machine learning;Big Data;Prediction algorithms;Data mining;Unsupervised learning;DBSCAN Algorithm;Density Clustering;Machine Learning;Algorithm Research},
	doi={10.1109/IFEEA51475.2020.00199},
	url={https://doi.org/10.1109/IFEEA51475.2020.00199}
}

@article{SIFT,
	author    = {David G. Lowe},
	title     = {Distinctive Image Features from Scale-Invariant Keypoints},
	journal   = {International Journal of Computer Vision},
	year      = {2004},
	volume    = {60},
	number    = {2},
	pages     = {91--110},
	doi       = {10.1023/B:VISI.0000029664.99615.94},
	url		  = {https://doi.org/10.1023/B:VISI.0000029664.99615.94}
}

@ARTICLE{unet,
	author={Siddique, Nahian and Paheding, Sidike and Elkin, Colin P. and Devabhaktuni, Vijay},
	journal={IEEE Access}, 
	title={U-Net and Its Variants for Medical Image Segmentation: A Review of Theory and Applications}, 
	year={2021},
	volume={9},
	number={},
	pages={82031-82057},
	keywords={Image segmentation;Convolution;Biomedical imaging;Three-dimensional displays;Logic gates;Deep learning;Computer architecture;Biomedical imaging;deep learning;neural network architecture;segmentation;U-net},
	doi={10.1109/ACCESS.2021.3086020},
	url={https://doi.org/10.1109/ACCESS.2021.3086020}
}



